<?xml version="1.0" encoding="utf-8"?>
<record xmlns="http://www.loc.gov/MARC21/slim" xmlns:xsi="http://www.w3.org/2001/XMLSchema-instance" xsi:schemaLocation="http://www.loc.gov/MARC21/slim http://www.loc.gov/standards/marcxml/schema/MARC21slim.xsd">
	<leader>     nam a22        4500</leader>
	<controlfield tag="001">b12560236</controlfield>
	<controlfield tag="003">LeBAU</controlfield>
	<controlfield tag="006">m        d        </controlfield>
	<controlfield tag="007">cr cn |||m|||a</controlfield>
	<controlfield tag="008">161219s1908    ua ac   o     000 0 ara d</controlfield>
	<datafield ind1=" " ind2=" " tag="040">
		<subfield code="a">NNU</subfield>
		<subfield code="b">ara</subfield>
		<subfield code="e">rda</subfield>
		<subfield code="c">NNU</subfield>
	</datafield>
	<datafield ind1="0" ind2="4" tag="082">
		<subfield code="a">892.7108</subfield>
		<subfield code="2">22</subfield>
	</datafield>
	<datafield ind1="1" ind2=" " tag="100">
		<subfield code="6">880-01</subfield>
		<subfield code="a">Khazʻal Khān,</subfield>
		<subfield code="c">Amir of Muḥammarah,</subfield>
		<subfield code="d">-1936,</subfield>
		<subfield code="e">author.</subfield>
	</datafield>
	<datafield ind1="1" ind2="0" tag="245">
		<subfield code="6">880-02</subfield>
		<subfield code="a">al-Durar al-ḥisān fī manẓūmāt wa-madāʼiḥ mawlānā muʻizz al-salṭanah sardār arfaʻ sumū al-Shaykh Khazʻal Khān amīr al-Muḥammarah wa-ḥākimihā wa-raʼīs qabāʼilihā :</subfield>
		<subfield code="b">wa-huwa majmūʻ manẓūmāt sumū mawlānā wa-mā qīla fī madīḥ sumūwwih /</subfield>
		<subfield code="c">ʻuniya bi-jamʻihi wa-taʼlīfihi wa-ṭabʻihi khādim sumūwwih al-amīn ʻAbd al-Masīḥ Anṭākī Bik, ṣāḥib jarīdat al-‘umrān bi-Miṣr.</subfield>
	</datafield>
	<datafield ind1="3" ind2="0" tag="246">
		<subfield code="6">880-03</subfield>
		<subfield code="a">Manẓūmāt wa-madāʼih al-Shaykh Khaz‘al Khānn</subfield>
	</datafield>
	<datafield ind1=" " ind2="1" tag="264">
		<subfield code="6">880-04</subfield>
		<subfield code="a">Miṣr :</subfield>
		<subfield code="b">Maṭbaʻat al-ʻArab,</subfield>
		<subfield code="c">1326 H., [1908 M.]</subfield>
	</datafield>
	<datafield ind1=" " ind2=" " tag="300">
		<subfield code="6">880-05</subfield>
		<subfield code="a">online resource (606 pages) :</subfield>
		<subfield code="b">illustrations, portraits</subfield>
	</datafield>
	<datafield ind1=" " ind2=" " tag="336">
		<subfield code="a">text</subfield>
		<subfield code="2">rdacontent</subfield>
	</datafield>
	<datafield ind1=" " ind2=" " tag="337">
		<subfield code="a">computer</subfield>
		<subfield code="2">rdamedia</subfield>
	</datafield>
	<datafield ind1=" " ind2=" " tag="338">
		<subfield code="a">online resource</subfield>
		<subfield code="2">rdacarrier</subfield>
	</datafield>
	<datafield ind1=" " ind2=" " tag="500">
		<subfield code="a">Part of the Arabic Collections Online (ACO) project, contributed by American University of Beirut's Jafet Memorial Library.</subfield>
	</datafield>
	<datafield ind1=" " ind2=" " tag="533">
		<subfield code="a">Electronic reproduction.</subfield>
		<subfield code="b">New York, N.Y. :</subfield>
		<subfield code="c">New York University,</subfield>
		<subfield code="d">2016.</subfield>
		<subfield code="5">NNU</subfield>
	</datafield>
	<datafield ind1="1" ind2="4" tag="600">
		<subfield code="a">خزعل خان،</subfield>
		<subfield code="c">امير المحمرة،</subfield>
		<subfield code="d">-1936</subfield>
		<subfield code="t">منظومات ومدائح.</subfield>
	</datafield>
	<datafield ind1="1" ind2="0" tag="600">
		<subfield code="a">Khazʻal Khān,</subfield>
		<subfield code="c">Amir of Muḥammarah,</subfield>
		<subfield code="d">-1936</subfield>
		<subfield code="t">Manẓūmāt wa-madā’iḥ.</subfield>
	</datafield>
	<datafield ind1=" " ind2="4" tag="655">
		<subfield code="a">شعر.</subfield>
	</datafield>
	<datafield ind1=" " ind2="0" tag="655">
		<subfield code="a">Poetry.</subfield>
	</datafield>
	<datafield ind1="1" ind2=" " tag="700">
		<subfield code="6">880-06</subfield>
		<subfield code="a">Anṭākī, ʻAbd al-Masīḥ,</subfield>
		<subfield code="e">compiler.</subfield>
	</datafield>
	<datafield ind1="2" ind2=" " tag="710">
		<subfield code="a">Jafet Memorial Library.</subfield>
	</datafield>
	<datafield ind1="0" ind2=" " tag="730">
		<subfield code="a">Arabic Collections Online.</subfield>
	</datafield>
	<datafield ind1="0" ind2="8" tag="776">
		<subfield code="i">Print version:</subfield>
		<subfield code="a">Khazʻal Khān, Amir of Muḥammarah, -1936, author.</subfield>
		<subfield code="t">al-Durar al-ḥisān fī manẓūmāt wa-madāʼiḥ mawlānā muʻizz al-salṭanah sardār arfaʻ sumū al-Shaykh Khazʻal Khān amīr al-Muḥammarah wa-ḥākimihā wa-raʼīs qabāʼilihā</subfield>
		<subfield code="w">(LeBAU)b12560236</subfield>
	</datafield>
	<datafield ind1="4" ind2="0" tag="856">
		<subfield code="u">http://hdl.handle.net/2333.1/ht76hk3j</subfield>
	</datafield>
	<datafield ind1="1" ind2=" " tag="880">
		<subfield code="6">100-01/(3/r</subfield>
		<subfield code="a">خزعل خان،</subfield>
		<subfield code="c">امير المحمرة،</subfield>
		<subfield code="d">-1936،</subfield>
		<subfield code="e">مؤلف. </subfield>
		<subfield code="4">aut.</subfield>
	</datafield>
	<datafield ind1="1" ind2="0" tag="880">
		<subfield code="6">245-02/(3/r</subfield>
		<subfield code="a">الدرر الحسان في منظومات ومدائح مولانا معز السلطنة سردار أرفع سمو الشيخ خزعل خان أمير المحمرة وحاكمها ورئيس قبائلها :</subfield>
		<subfield code="b">وهو مجموع منظومات سمو مولانا وما قيل في مديح سموه /</subfield>
		<subfield code="c">عني بجمعه وتأليفه وطبعه خادم سموه الأمين عبد المسيح انطاكي بك، صاحب جريدة العمران بمصر.</subfield>
	</datafield>
	<datafield ind1="3" ind2="0" tag="880">
		<subfield code="6">246-03/(3/r</subfield>
		<subfield code="a">منظومات ومدائح الشيخ خزعل خان</subfield>
	</datafield>
	<datafield ind1=" " ind2="1" tag="880">
		<subfield code="6">264-04/(3/r</subfield>
		<subfield code="a">مصر :</subfield>
		<subfield code="b">مطبعة العرب،</subfield>
		<subfield code="c">1326 هـ.، [1908 م.]</subfield>
	</datafield>
	<datafield ind1=" " ind2=" " tag="880">
		<subfield code="6">300-05/(3/r</subfield>
		<subfield code="a">606 صفحات :</subfield>
		<subfield code="b">مصورات، صور شخصانية ؛</subfield>
		<subfield code="c">24 سم</subfield>
	</datafield>
	<datafield ind1="1" ind2=" " tag="880">
		<subfield code="6">700-06/(3/r</subfield>
		<subfield code="a"> انطاكي، عبد المسيح،</subfield>
		<subfield code="e">معد. </subfield>
		<subfield code="4">com.</subfield>
	</datafield>
	<datafield ind1=" " ind2=" " tag="959">
		<subfield code="a">NNU</subfield>
		<subfield code="b">WEB</subfield>
		<subfield code="c">GENI</subfield>
		<subfield code="t">0</subfield>
		<subfield code="m">Electronic access</subfield>
		<subfield code="s">01</subfield>
	</datafield>
	<datafield ind1=" " ind2=" " tag="999">
		<subfield code="i">LeBAU_b12560236</subfield>
		<subfield code="s">aub_aco000274</subfield>
		<subfield code="e">(ERROR-MISC)</subfield>
	</datafield>
</record>
